@misc{Berkeley:BER2003,
  author = {{Berkeley Report}},
  title = {{How Much Information?}},
  howpublished = {{[on-line] \url{http://www2.sims.berkeley.edu/research/projects/how-much-info-2003/}}},
  year = {{2003}}
}

@misc{wiki:appinventor,
  key = {1},
  title = {{App Inventor for Android}},
  howpublished = {{[on-line] \url{http://en.wikipedia.org/wiki/App_Inventor_for_Android}}}
}

@misc{gphone:dalvik,
  key = {2},
  title = {{Android: czy to Java, czy nie Java}},
  howpublished = {{[on-line] \url{http://gphone.pl/artykuly/android-czy-to-java-czy-nie-java/}}}
}

@misc{appinventor:architektura,
  key = {3},
  title = {{Understanding an App's Architecture}},
  howpublished = {{[on-line] \url{http://www.appinventor.org/Architecture2}}}
}

@misc{doc:ddms,
  key = {4},
  title = {{Using DDMS}},
  howpublished = {{[on-line] \url{http://stuff.mit.edu/afs/sipb/project/android/docs/tools/debugging/ddms.html}}}
}

@misc{doc:android,
  key = {5},
  title = {{Android - dokumentacja}},
  howpublished = {{[on-line] \url{http://developer.android.com/reference/packages.html}}}
}

@misc{doc:apktool,
  key = {6},
  title = {{Apktool - dokumentacja}},
  howpublished = {{[on-line] \url{https://code.google.com/p/android-apktool}}}
}

@misc{doc:keytool,
  key = {7},
  title = {{Keytool - dokumentacja}},
  howpublished = {{[on-line] \url{http://docs.oracle.com/javase/6/docs/technotes/tools/solaris/keytool.html}}}
}

@misc{article:appinventor1,
  key = {8},
  author = {{Andrew Clark}},
  title = {{App Inventor launches second iteration}},
  howpublished = {{[on-line] \url{http://newsoffice.mit.edu/2013/app-inventor-launches-second-iteration}}}
}





